@article{YH12,
author = {Yoo, S. and Harman, M.},
title = {{Regression Testing Minimization, Selection and Prioritization: A Survey}},
year = {2012},
issue_date = {March 2012},
publisher = {John Wiley and Sons Ltd.},
volume = {22},
number = {2},
journal = {Software Testing Verification and Reliability},
month = Mar,
pages = {67–120},
}

@ARTICLE{SWAY,  
author={J. {Chen} and V. {Nair} and R. {Krishna} and T. {Menzies}},
journal={IEEE Transactions on Software Engineering},
title={{“Sampling” as a Baseline Optimizer for Search-Based Software Engineering}},
year={2019},  
volume={45},  
number={6},  
pages={597-614},  
doi={10.1109/TSE.2018.2790925}
}

@article{WOM15, 
author = {Whigham, Peter A. and Owen, Caitlin A. and Macdonell, Stephen G.}, 
title = {{A Baseline Model for Software Effort Estimation}}, 
year = {2015}, 
issue_date = {May 2015}, 
publisher = {Association for Computing Machinery}, 
address = {New York, NY, USA}, 
volume = {24}, 
number = {3}, 
issn = {1049-331X}, 
url = {https://doi.org/10.1145/2738037}, 
doi = {10.1145/2738037}, 
}

@article{RYCC01, 
author = {Rothermel, Gregg and Untch, Roland J. and Chu, Chengyun},
title = {Prioritizing Test Cases For Regression Testing}, 
year = {2001}, 
issue_date = {October 2001}, 
publisher = {IEEE Press}, 
volume = {27}, 
number = {10}, 
issn = {0098-5589}, 
url = {https://doi.org/10.1109/32.962562}, 
doi = {10.1109/32.962562},
}

@article{THHBD14,
author = {Thomas, Stephen and Hemmati, Hadi and Hassan, Ahmed E. and Blostein, Dorothea},
year = {2014},
month = {02},
pages = {},
title = {Static test case prioritization using topic models},
volume = {19},
journal = {Empirical Software Engineering},
doi = {10.1007/s10664-012-9219-7}
}

@inproceedings{LPBS09,
author = {Ledru, Yves and Petrenko, Alexandre and Boroday, Sergiy},
title = {Using String Distances for Test Case Prioritisation},
year = {2009},
isbn = {9780769538914},
publisher = {IEEE Computer Society},
address = {USA},
url = {https://doi.org/10.1109/ASE.2009.23},
doi = {10.1109/ASE.2009.23},
booktitle = {Proceedings of the 2009 IEEE/ACM International Conference on Automated Software Engineering},
pages = {510–514},
numpages = {5},
keywords = {Software Engineering, Test case prioritisation, String distance, Testing tools, Testing and Debugging},
series = {ASE '09}
}

@article{LPBMN12,
author = {Ledru, Yves and Petrenko, Alexandre and Boroday, Sergiy and Mandran, Nadine},
year = {2012},
month = {03},
pages = {65-95},
title = {Prioritising Test Cases with String Distances},
volume = {19},
journal = {Automated Software Engineering},
doi = {10.1007/s10515-011-0093-0}
}

@INPROCEEDINGS{MHD15,  
author={D. {Mondal} and H. {Hemmati} and S. {Durocher}},  
booktitle={2015 IEEE 8th International Conference on Software Testing, Verification and Validation (ICST)},   
title={Exploring Test Suite Diversification and Code Coverage in Multi-Objective Test Case Selection},   
year={2015},  
volume={},  
number={},  
pages={1-10},  
doi={10.1109/ICST.2015.7102588}
}

@article{Monjardet98,
author = "Monjardet, B.",
title = "On the comparison of the Spearman and Kendall metrics between linear orders",
journal = "Discrete Mathematics",
volume = "192",
number = "1",
pages = "281 - 292",
year = "1998",
issn = "0012-365X",
doi = "https://doi.org/10.1016/S0012-365X(98)00076-4",
}

@book{DD18,
edition={4},
title={Encyclopedia of Distances},
publisher={Springer-Verlag Berlin Heidelberg},
author={Deza, Michel Marie and Deza, Elena},
year={2018}}

@book{pma, 
edition={3},
title={Principles of Mathematical Analysis},
publisher={McGraw-Hill},
author={Rudin, Walter},
year={1976}}

@article{permutahedron,
author = "Schoute, Pieter Hendrik",
title = "Analytic treatment of the polytopes regularly derived from the regular polytopes",
journal = "Verhandelingen der Koninklijke Akademie van Wetenschappen Te Amsterdam",
volume = "11",
number = "3",
pages = "370--381",
year = "1911",
}

@INPROCEEDINGS{siemens,
  author={M. {Hutchins} and H. {Foster} and T. {Goradia} and T. {Ostrand}},
  booktitle={Proceedings of 16th International Conference on Software Engineering}, 
  title={Experiments on the effectiveness of dataflow- and control-flow-based test adequacy criteria}, 
  year={1994},
  volume={},
  number={},
  pages={191-200},
  doi={10.1109/ICSE.1994.296778}}
  
@ARTICLE{LHH07,
author={Z. {Li} and M. {Harman} and R. M. {Hierons}},
journal={IEEE Transactions on Software Engineering}, 
title={Search Algorithms for Regression Test Case Prioritization}, 
year={2007},
volume={33},
number={4},
pages={225-237},
doi={10.1109/TSE.2007.38}}

@InProceedings{bandit,
author="Ailon, Nir
and Hatano, Kohei
and Takimoto, Eiji",
editor="Auer, Peter
and Clark, Alexander
and Zeugmann, Thomas
and Zilles, Sandra",
title="Bandit Online Optimization over the Permutahedron",
booktitle="Algorithmic Learning Theory",
year="2014",
publisher="Springer International Publishing",
address="Cham",
pages="215--229",
isbn="978-3-319-11662-4"
}

@book{polytope,
series={Graduate Texts in Mathematics},
title={Lectures on Polytopes},
volume={152},
publisher={Springer-Verlag New York},
author={Ziegler, Günter M.},
year={2007},
collection={Graduate Texts in Mathematics}}

@book{combinatorics,
edition={2},
series={Cambridge Studies in Advanced Mathematics},
title={Enumerative Combinatorics: Volume 1},
volume={49},
publisher={Cambridge University Press},
author={Stanley, Richard P.},
year={2012},
collection={Cambridge Studies in Advanced Mathematics}}

@INPROCEEDINGS{JP02,
author={ {Jung-Min Kim} and A. {Porter}},
booktitle={Proceedings of the 24th International Conference on Software Engineering. ICSE 2002}, 
title={A history-based test prioritization technique for regression testing in resource constrained environments}, 
year={2002},
volume={},
number={},
pages={119-129},
doi={10.1109/ICSE.2002.1007961}}

@ARTICLE{DMTR10,
author={H. {Do} and S. {Mirarab} and L. {Tahvildari} and G. {Rothermel}},
journal={IEEE Transactions on Software Engineering}, 
title={The Effects of Time Constraints on Test Case Prioritization: A Series of Controlled Experiments}, 
year={2010},
volume={36},
number={5},
pages={593-617},
doi={10.1109/TSE.2010.58}}

@article{sir,
author = {Do, Hyunsook and Elbaum, Sebastian and Rothermel, Gregg},
title = {Supporting Controlled Experimentation with Testing Techniques: An Infrastructure and Its Potential Impact},
year = {2005},
issue_date = {October 2005},
publisher = {Kluwer Academic Publishers},
address = {USA}, volume = {10}, number = {4},
issn = {1382-3256},
url = {https://doi.org/10.1007/s10664-005-3861-2},
doi = {10.1007/s10664-005-3861-2},
journal = {Empirical Software Engineering},
month = oct,
pages = {405–435},
numpages = {31}
}

@INPROCEEDINGS{space,
  author={F. I. {Vokolos} and P. G. {Frankl}},
  booktitle={Proceedings. International Conference on Software Maintenance (Cat. No. 98CB36272)}, 
  title={Empirical evaluation of the textual differencing regression testing technique}, 
  year={1998},
  volume={},
  number={},
  pages={44-53},
  doi={10.1109/ICSM.1998.738488}}


@phdthesis{cormode,
  author       = {Graham Cormode}, 
  title        = {Sequence Distance Embedding},
  school       = {University of Warwick},
  year         = 2003,
  month        = 1,
}

@book{coding, place={Cambridge}, title={A Students Guide to Coding and Information Theory}, publisher={Cambridge University Press}, author={Moser, Stefan M. and Chen, Po-Ning}, year={2012}}